%YAML 1.1
%TAG !u! tag:unity3d.com,2011:
--- !u!29 &1
OcclusionCullingSettings:
  m_ObjectHideFlags: 0
  serializedVersion: 2
  m_OcclusionBakeSettings:
    smallestOccluder: 5
    smallestHole: 0.25
    backfaceThreshold: 100
  m_SceneGUID: 00000000000000000000000000000000
  m_OcclusionCullingData: {fileID: 0}
--- !u!104 &2
RenderSettings:
  m_ObjectHideFlags: 0
  serializedVersion: 9
  m_Fog: 0
  m_FogColor: {r: 0.5, g: 0.5, b: 0.5, a: 1}
  m_FogMode: 3
  m_FogDensity: 0.01
  m_LinearFogStart: 0
  m_LinearFogEnd: 300
  m_AmbientSkyColor: {r: 0.212, g: 0.227, b: 0.259, a: 1}
  m_AmbientEquatorColor: {r: 0.114, g: 0.125, b: 0.133, a: 1}
  m_AmbientGroundColor: {r: 0.047, g: 0.043, b: 0.035, a: 1}
  m_AmbientIntensity: 1
  m_AmbientMode: 0
  m_SubtractiveShadowColor: {r: 0.42, g: 0.478, b: 0.627, a: 1}
  m_SkyboxMaterial: {fileID: 10304, guid: 0000000000000000f000000000000000, type: 0}
  m_HaloStrength: 0.5
  m_FlareStrength: 1
  m_FlareFadeSpeed: 3
  m_HaloTexture: {fileID: 0}
  m_SpotCookie: {fileID: 10001, guid: 0000000000000000e000000000000000, type: 0}
  m_DefaultReflectionMode: 0
  m_DefaultReflectionResolution: 128
  m_ReflectionBounces: 1
  m_ReflectionIntensity: 1
  m_CustomReflection: {fileID: 0}
  m_Sun: {fileID: 0}
  m_IndirectSpecularColor: {r: 0.44657898, g: 0.4964133, b: 0.5748178, a: 1}
  m_UseRadianceAmbientProbe: 0
--- !u!157 &3
LightmapSettings:
  m_ObjectHideFlags: 0
  serializedVersion: 11
  m_GIWorkflowMode: 0
  m_GISettings:
    serializedVersion: 2
    m_BounceScale: 1
    m_IndirectOutputScale: 1
    m_AlbedoBoost: 1
    m_TemporalCoherenceThreshold: 1
    m_EnvironmentLightingMode: 0
    m_EnableBakedLightmaps: 1
    m_EnableRealtimeLightmaps: 0
  m_LightmapEditorSettings:
    serializedVersion: 10
    m_Resolution: 2
    m_BakeResolution: 10
    m_AtlasSize: 512
    m_AO: 0
    m_AOMaxDistance: 1
    m_CompAOExponent: 1
    m_CompAOExponentDirect: 0
    m_Padding: 2
    m_LightmapParameters: {fileID: 0}
    m_LightmapsBakeMode: 1
    m_TextureCompression: 1
    m_FinalGather: 0
    m_FinalGatherFiltering: 1
    m_FinalGatherRayCount: 256
    m_ReflectionCompression: 2
    m_MixedBakeMode: 2
    m_BakeBackend: 1
    m_PVRSampling: 1
    m_PVRDirectSampleCount: 32
    m_PVRSampleCount: 256
    m_PVRBounces: 2
    m_PVRFilterTypeDirect: 0
    m_PVRFilterTypeIndirect: 0
    m_PVRFilterTypeAO: 0
    m_PVRFilteringMode: 1
    m_PVRCulling: 1
    m_PVRFilteringGaussRadiusDirect: 1
    m_PVRFilteringGaussRadiusIndirect: 5
    m_PVRFilteringGaussRadiusAO: 2
    m_PVRFilteringAtrousPositionSigmaDirect: 0.5
    m_PVRFilteringAtrousPositionSigmaIndirect: 2
    m_PVRFilteringAtrousPositionSigmaAO: 1
    m_ShowResolutionOverlay: 1
  m_LightingDataAsset: {fileID: 0}
  m_UseShadowmask: 1
--- !u!196 &4
NavMeshSettings:
  serializedVersion: 2
  m_ObjectHideFlags: 0
  m_BuildSettings:
    serializedVersion: 2
    agentTypeID: 0
    agentRadius: 0.5
    agentHeight: 2
    agentSlope: 45
    agentClimb: 0.4
    ledgeDropHeight: 0
    maxJumpAcrossDistance: 0
    minRegionArea: 2
    manualCellSize: 0
    cellSize: 0.16666667
    manualTileSize: 0
    tileSize: 256
    accuratePlacement: 0
    debug:
      m_Flags: 0
  m_NavMeshData: {fileID: 0}
--- !u!114 &94563120 stripped
MonoBehaviour:
  m_CorrespondingSourceObject: {fileID: 114412199996375196, guid: f49510dc8a68e404e8d6357dda79e811,
    type: 2}
  m_PrefabInternal: {fileID: 1301062005}
  m_Script: {fileID: -113659843, guid: f70555f144d8491a825f0804e09c671c, type: 3}
--- !u!1 &170076733
GameObject:
  m_ObjectHideFlags: 0
  m_CorrespondingSourceObject: {fileID: 0}
  m_PrefabInternal: {fileID: 0}
  serializedVersion: 6
  m_Component:
  - component: {fileID: 170076735}
  - component: {fileID: 170076734}
  m_Layer: 0
  m_Name: Directional Light
  m_TagString: Untagged
  m_Icon: {fileID: 0}
  m_NavMeshLayer: 0
  m_StaticEditorFlags: 0
  m_IsActive: 1
--- !u!108 &170076734
Light:
  m_ObjectHideFlags: 0
  m_CorrespondingSourceObject: {fileID: 0}
  m_PrefabInternal: {fileID: 0}
  m_GameObject: {fileID: 170076733}
  m_Enabled: 1
  serializedVersion: 8
  m_Type: 1
  m_Color: {r: 1, g: 0.95686275, b: 0.8392157, a: 1}
  m_Intensity: 1
  m_Range: 10
  m_SpotAngle: 30
  m_CookieSize: 10
  m_Shadows:
    m_Type: 2
    m_Resolution: -1
    m_CustomResolution: -1
    m_Strength: 1
    m_Bias: 0.05
    m_NormalBias: 0.4
    m_NearPlane: 0.2
  m_Cookie: {fileID: 0}
  m_DrawHalo: 0
  m_Flare: {fileID: 0}
  m_RenderMode: 0
  m_CullingMask:
    serializedVersion: 2
    m_Bits: 4294967295
  m_Lightmapping: 1
  m_LightShadowCasterMode: 0
  m_AreaSize: {x: 1, y: 1}
  m_BounceIntensity: 1
  m_ColorTemperature: 6570
  m_UseColorTemperature: 0
  m_ShadowRadius: 0
  m_ShadowAngle: 0
--- !u!4 &170076735
Transform:
  m_ObjectHideFlags: 0
  m_CorrespondingSourceObject: {fileID: 0}
  m_PrefabInternal: {fileID: 0}
  m_GameObject: {fileID: 170076733}
  m_LocalRotation: {x: 0.40821788, y: -0.23456968, z: 0.10938163, w: 0.8754261}
  m_LocalPosition: {x: 0, y: 3, z: 0}
  m_LocalScale: {x: 1, y: 1, z: 1}
  m_Children: []
  m_Father: {fileID: 0}
  m_RootOrder: 4
  m_LocalEulerAnglesHint: {x: 50, y: -30, z: 0}
--- !u!1 &173411302
GameObject:
  m_ObjectHideFlags: 0
  m_CorrespondingSourceObject: {fileID: 0}
  m_PrefabInternal: {fileID: 0}
  serializedVersion: 6
  m_Component:
  - component: {fileID: 173411303}
  - component: {fileID: 173411306}
  - component: {fileID: 173411305}
  - component: {fileID: 173411304}
  m_Layer: 0
  m_Name: Borders (2)
  m_TagString: Environment
  m_Icon: {fileID: 0}
  m_NavMeshLayer: 0
  m_StaticEditorFlags: 0
  m_IsActive: 1
--- !u!4 &173411303
Transform:
  m_ObjectHideFlags: 0
  m_CorrespondingSourceObject: {fileID: 0}
  m_PrefabInternal: {fileID: 0}
  m_GameObject: {fileID: 173411302}
  m_LocalRotation: {x: -0, y: -0, z: -0, w: 1}
  m_LocalPosition: {x: -4.4249, y: 2.2421, z: 25.566}
  m_LocalScale: {x: 49.99358, y: 1, z: 1}
  m_Children: []
  m_Father: {fileID: 414839443}
  m_RootOrder: 3
  m_LocalEulerAnglesHint: {x: 0, y: 0, z: 0}
--- !u!65 &173411304
BoxCollider:
  m_ObjectHideFlags: 0
  m_CorrespondingSourceObject: {fileID: 0}
  m_PrefabInternal: {fileID: 0}
  m_GameObject: {fileID: 173411302}
  m_Material: {fileID: 0}
  m_IsTrigger: 0
  m_Enabled: 1
  serializedVersion: 2
  m_Size: {x: 1, y: 1, z: 1}
  m_Center: {x: 0, y: 0, z: 0}
--- !u!23 &173411305
MeshRenderer:
  m_ObjectHideFlags: 0
  m_CorrespondingSourceObject: {fileID: 0}
  m_PrefabInternal: {fileID: 0}
  m_GameObject: {fileID: 173411302}
  m_Enabled: 1
  m_CastShadows: 1
  m_ReceiveShadows: 1
  m_DynamicOccludee: 1
  m_MotionVectors: 1
  m_LightProbeUsage: 1
  m_ReflectionProbeUsage: 1
  m_RenderingLayerMask: 4294967295
  m_Materials:
  - {fileID: 2100000, guid: 9973072a127d15b4ab9a52a299693a8f, type: 2}
  m_StaticBatchInfo:
    firstSubMesh: 0
    subMeshCount: 0
  m_StaticBatchRoot: {fileID: 0}
  m_ProbeAnchor: {fileID: 0}
  m_LightProbeVolumeOverride: {fileID: 0}
  m_ScaleInLightmap: 1
  m_PreserveUVs: 0
  m_IgnoreNormalsForChartDetection: 0
  m_ImportantGI: 0
  m_StitchLightmapSeams: 0
  m_SelectedEditorRenderState: 3
  m_MinimumChartSize: 4
  m_AutoUVMaxDistance: 0.5
  m_AutoUVMaxAngle: 89
  m_LightmapParameters: {fileID: 0}
  m_SortingLayerID: 0
  m_SortingLayer: 0
  m_SortingOrder: 0
--- !u!33 &173411306
MeshFilter:
  m_ObjectHideFlags: 0
  m_CorrespondingSourceObject: {fileID: 0}
  m_PrefabInternal: {fileID: 0}
  m_GameObject: {fileID: 173411302}
  m_Mesh: {fileID: 10202, guid: 0000000000000000e000000000000000, type: 0}
--- !u!1 &238060936
GameObject:
  m_ObjectHideFlags: 0
  m_CorrespondingSourceObject: {fileID: 0}
  m_PrefabInternal: {fileID: 0}
  serializedVersion: 6
  m_Component:
  - component: {fileID: 238060937}
  m_Layer: 0
  m_Name: AllSpawnPoints
  m_TagString: Untagged
  m_Icon: {fileID: 0}
  m_NavMeshLayer: 0
  m_StaticEditorFlags: 0
  m_IsActive: 1
--- !u!4 &238060937
Transform:
  m_ObjectHideFlags: 0
  m_CorrespondingSourceObject: {fileID: 0}
  m_PrefabInternal: {fileID: 0}
  m_GameObject: {fileID: 238060936}
  m_LocalRotation: {x: 0, y: 0, z: 0, w: 1}
  m_LocalPosition: {x: 0, y: 0, z: 0}
  m_LocalScale: {x: 1, y: 1, z: 1}
  m_Children:
  - {fileID: 239535891}
  - {fileID: 1581653473}
  - {fileID: 980140347}
  - {fileID: 386763773}
  m_Father: {fileID: 0}
  m_RootOrder: 9
  m_LocalEulerAnglesHint: {x: 0, y: 0, z: 0}
--- !u!1 &239535890
GameObject:
  m_ObjectHideFlags: 0
  m_CorrespondingSourceObject: {fileID: 0}
  m_PrefabInternal: {fileID: 0}
  serializedVersion: 6
  m_Component:
  - component: {fileID: 239535891}
  m_Layer: 0
  m_Name: Spawn1
  m_TagString: Untagged
  m_Icon: {fileID: 0}
  m_NavMeshLayer: 0
  m_StaticEditorFlags: 0
  m_IsActive: 1
--- !u!4 &239535891
Transform:
  m_ObjectHideFlags: 0
  m_CorrespondingSourceObject: {fileID: 0}
  m_PrefabInternal: {fileID: 0}
  m_GameObject: {fileID: 239535890}
  m_LocalRotation: {x: -0, y: -0, z: -0, w: 1}
  m_LocalPosition: {x: -21.3, y: 0.51, z: 22.7}
  m_LocalScale: {x: 1, y: 1, z: 1}
  m_Children: []
  m_Father: {fileID: 238060937}
  m_RootOrder: 0
  m_LocalEulerAnglesHint: {x: 0, y: 0, z: 0}
--- !u!1 &243703712
GameObject:
  m_ObjectHideFlags: 0
  m_CorrespondingSourceObject: {fileID: 0}
  m_PrefabInternal: {fileID: 0}
  serializedVersion: 6
  m_Component:
  - component: {fileID: 243703717}
  - component: {fileID: 243703716}
  - component: {fileID: 243703715}
  - component: {fileID: 243703714}
  - component: {fileID: 243703713}
  - component: {fileID: 243703718}
  m_Layer: 0
  m_Name: Player2Cam
  m_TagString: Untagged
  m_Icon: {fileID: 0}
  m_NavMeshLayer: 0
  m_StaticEditorFlags: 0
  m_IsActive: 1
--- !u!114 &243703713
MonoBehaviour:
  m_ObjectHideFlags: 0
  m_CorrespondingSourceObject: {fileID: 0}
  m_PrefabInternal: {fileID: 0}
  m_GameObject: {fileID: 243703712}
  m_Enabled: 1
  m_EditorHideFlags: 0
  m_Script: {fileID: 11500000, guid: 0adfd1b728545024894925d8ee435926, type: 3}
  m_Name: 
  m_EditorClassIdentifier: 
  cam: {fileID: 243703716}
--- !u!114 &243703714
MonoBehaviour:
  m_ObjectHideFlags: 0
  m_CorrespondingSourceObject: {fileID: 0}
  m_PrefabInternal: {fileID: 0}
  m_GameObject: {fileID: 243703712}
  m_Enabled: 1
  m_EditorHideFlags: 0
  m_Script: {fileID: 11500000, guid: 6da8a8c208bbfc543b08696532d23ca0, type: 3}
  m_Name: 
  m_EditorClassIdentifier: 
  player: {fileID: 798107765}
--- !u!81 &243703715
AudioListener:
  m_ObjectHideFlags: 0
  m_CorrespondingSourceObject: {fileID: 0}
  m_PrefabInternal: {fileID: 0}
  m_GameObject: {fileID: 243703712}
  m_Enabled: 1
--- !u!20 &243703716
Camera:
  m_ObjectHideFlags: 0
  m_CorrespondingSourceObject: {fileID: 0}
  m_PrefabInternal: {fileID: 0}
  m_GameObject: {fileID: 243703712}
  m_Enabled: 1
  serializedVersion: 2
  m_ClearFlags: 1
  m_BackGroundColor: {r: 0.19215687, g: 0.3019608, b: 0.4745098, a: 0}
  m_projectionMatrixMode: 1
  m_SensorSize: {x: 36, y: 24}
  m_LensShift: {x: 0, y: 0}
  m_FocalLength: 50
  m_NormalizedViewPortRect:
    serializedVersion: 2
    x: 0.5
    y: 0
    width: 1
    height: 1
  near clip plane: 0.3
  far clip plane: 1000
  field of view: 60
  orthographic: 0
  orthographic size: 5
  m_Depth: -1
  m_CullingMask:
    serializedVersion: 2
    m_Bits: 4294967295
  m_RenderingPath: -1
  m_TargetTexture: {fileID: 0}
  m_TargetDisplay: 0
  m_TargetEye: 3
  m_HDR: 1
  m_AllowMSAA: 1
  m_AllowDynamicResolution: 0
  m_ForceIntoRT: 0
  m_OcclusionCulling: 1
  m_StereoConvergence: 10
  m_StereoSeparation: 0.022
--- !u!4 &243703717
Transform:
  m_ObjectHideFlags: 0
  m_CorrespondingSourceObject: {fileID: 0}
  m_PrefabInternal: {fileID: 0}
  m_GameObject: {fileID: 243703712}
  m_LocalRotation: {x: 0.38268343, y: 0, z: 0, w: 0.92387956}
  m_LocalPosition: {x: 9.209999, y: 15.06, z: -12.7}
  m_LocalScale: {x: 1, y: 1, z: 1}
  m_Children: []
  m_Father: {fileID: 0}
  m_RootOrder: 1
  m_LocalEulerAnglesHint: {x: 45, y: 0, z: 0}
--- !u!114 &243703718
MonoBehaviour:
  m_ObjectHideFlags: 0
  m_CorrespondingSourceObject: {fileID: 0}
  m_PrefabInternal: {fileID: 0}
  m_GameObject: {fileID: 243703712}
  m_Enabled: 1
  m_EditorHideFlags: 0
  m_Script: {fileID: 11500000, guid: 10eac8135cbc3ea43ba3dc644d164b9f, type: 3}
  m_Name: 
  m_EditorClassIdentifier: 
  camTransform: {fileID: 243703717}
  shakeDuration: 0.5
  shakeAmount: 0.7
  decreaseFactor: 1
--- !u!1 &269691733
GameObject:
  m_ObjectHideFlags: 0
  m_CorrespondingSourceObject: {fileID: 0}
  m_PrefabInternal: {fileID: 0}
  serializedVersion: 6
  m_Component:
  - component: {fileID: 269691734}
  - component: {fileID: 269691737}
  - component: {fileID: 269691736}
  - component: {fileID: 269691735}
  m_Layer: 0
  m_Name: Borders (3)
  m_TagString: Environment
  m_Icon: {fileID: 0}
  m_NavMeshLayer: 0
  m_StaticEditorFlags: 0
  m_IsActive: 1
--- !u!4 &269691734
Transform:
  m_ObjectHideFlags: 0
  m_CorrespondingSourceObject: {fileID: 0}
  m_PrefabInternal: {fileID: 0}
  m_GameObject: {fileID: 269691733}
  m_LocalRotation: {x: -0, y: 0.7071068, z: -0, w: 0.7071068}
  m_LocalPosition: {x: 20.072, y: 2.2421, z: 0.062458}
  m_LocalScale: {x: 49.99363, y: 1, z: 1.0000005}
  m_Children: []
  m_Father: {fileID: 414839443}
  m_RootOrder: 4
  m_LocalEulerAnglesHint: {x: 0, y: 90, z: 0}
--- !u!65 &269691735
BoxCollider:
  m_ObjectHideFlags: 0
  m_CorrespondingSourceObject: {fileID: 0}
  m_PrefabInternal: {fileID: 0}
  m_GameObject: {fileID: 269691733}
  m_Material: {fileID: 0}
  m_IsTrigger: 0
  m_Enabled: 1
  serializedVersion: 2
  m_Size: {x: 1, y: 1, z: 1}
  m_Center: {x: 0, y: 0, z: 0}
--- !u!23 &269691736
MeshRenderer:
  m_ObjectHideFlags: 0
  m_CorrespondingSourceObject: {fileID: 0}
  m_PrefabInternal: {fileID: 0}
  m_GameObject: {fileID: 269691733}
  m_Enabled: 1
  m_CastShadows: 1
  m_ReceiveShadows: 1
  m_DynamicOccludee: 1
  m_MotionVectors: 1
  m_LightProbeUsage: 1
  m_ReflectionProbeUsage: 1
  m_RenderingLayerMask: 4294967295
  m_Materials:
  - {fileID: 2100000, guid: 9973072a127d15b4ab9a52a299693a8f, type: 2}
  m_StaticBatchInfo:
    firstSubMesh: 0
    subMeshCount: 0
  m_StaticBatchRoot: {fileID: 0}
  m_ProbeAnchor: {fileID: 0}
  m_LightProbeVolumeOverride: {fileID: 0}
  m_ScaleInLightmap: 1
  m_PreserveUVs: 0
  m_IgnoreNormalsForChartDetection: 0
  m_ImportantGI: 0
  m_StitchLightmapSeams: 0
  m_SelectedEditorRenderState: 3
  m_MinimumChartSize: 4
  m_AutoUVMaxDistance: 0.5
  m_AutoUVMaxAngle: 89
  m_LightmapParameters: {fileID: 0}
  m_SortingLayerID: 0
  m_SortingLayer: 0
  m_SortingOrder: 0
--- !u!33 &269691737
MeshFilter:
  m_ObjectHideFlags: 0
  m_CorrespondingSourceObject: {fileID: 0}
  m_PrefabInternal: {fileID: 0}
  m_GameObject: {fileID: 269691733}
  m_Mesh: {fileID: 10202, guid: 0000000000000000e000000000000000, type: 0}
--- !u!1001 &287836362
Prefab:
  m_ObjectHideFlags: 0
  serializedVersion: 2
  m_Modification:
    m_TransformParent: {fileID: 0}
    m_Modifications:
    - target: {fileID: 4737292662856002, guid: de30e245a8926ed4490a0811c1cad599, type: 2}
      propertyPath: m_LocalPosition.x
      value: 9.65
      objectReference: {fileID: 0}
    - target: {fileID: 4737292662856002, guid: de30e245a8926ed4490a0811c1cad599, type: 2}
      propertyPath: m_LocalPosition.y
      value: 1.024
      objectReference: {fileID: 0}
    - target: {fileID: 4737292662856002, guid: de30e245a8926ed4490a0811c1cad599, type: 2}
      propertyPath: m_LocalPosition.z
      value: 0
      objectReference: {fileID: 0}
    - target: {fileID: 4737292662856002, guid: de30e245a8926ed4490a0811c1cad599, type: 2}
      propertyPath: m_LocalRotation.x
      value: 0
      objectReference: {fileID: 0}
    - target: {fileID: 4737292662856002, guid: de30e245a8926ed4490a0811c1cad599, type: 2}
      propertyPath: m_LocalRotation.y
      value: 0
      objectReference: {fileID: 0}
    - target: {fileID: 4737292662856002, guid: de30e245a8926ed4490a0811c1cad599, type: 2}
      propertyPath: m_LocalRotation.z
      value: 0
      objectReference: {fileID: 0}
    - target: {fileID: 4737292662856002, guid: de30e245a8926ed4490a0811c1cad599, type: 2}
      propertyPath: m_LocalRotation.w
      value: 1
      objectReference: {fileID: 0}
    - target: {fileID: 4737292662856002, guid: de30e245a8926ed4490a0811c1cad599, type: 2}
      propertyPath: m_RootOrder
      value: 2
      objectReference: {fileID: 0}
    - target: {fileID: 114838491784425630, guid: de30e245a8926ed4490a0811c1cad599,
        type: 2}
      propertyPath: scoreText
      value: 
      objectReference: {fileID: 1547253851}
    - target: {fileID: 114838491784425630, guid: de30e245a8926ed4490a0811c1cad599,
        type: 2}
      propertyPath: bulletsText
      value: 
      objectReference: {fileID: 1613332325}
    - target: {fileID: 114838491784425630, guid: de30e245a8926ed4490a0811c1cad599,
        type: 2}
      propertyPath: healthSlider
      value: 
      objectReference: {fileID: 841805173}
    - target: {fileID: 114838491784425630, guid: de30e245a8926ed4490a0811c1cad599,
        type: 2}
      propertyPath: staminaSlider
      value: 
      objectReference: {fileID: 673068704}
    - target: {fileID: 114046224360530732, guid: de30e245a8926ed4490a0811c1cad599,
        type: 2}
      propertyPath: camShake
      value: 
      objectReference: {fileID: 243703718}
    m_RemovedComponents: []
  m_SourcePrefab: {fileID: 100100000, guid: de30e245a8926ed4490a0811c1cad599, type: 2}
  m_IsPrefabAsset: 0
--- !u!1 &386763772
GameObject:
  m_ObjectHideFlags: 0
  m_CorrespondingSourceObject: {fileID: 0}
  m_PrefabInternal: {fileID: 0}
  serializedVersion: 6
  m_Component:
  - component: {fileID: 386763773}
  m_Layer: 0
  m_Name: Spawn4
  m_TagString: Untagged
  m_Icon: {fileID: 0}
  m_NavMeshLayer: 0
  m_StaticEditorFlags: 0
  m_IsActive: 1
--- !u!4 &386763773
Transform:
  m_ObjectHideFlags: 0
  m_CorrespondingSourceObject: {fileID: 0}
  m_PrefabInternal: {fileID: 0}
  m_GameObject: {fileID: 386763772}
  m_LocalRotation: {x: -0, y: -0, z: -0, w: 1}
  m_LocalPosition: {x: 18.8, y: 0.49, z: 19.1}
  m_LocalScale: {x: 1, y: 1, z: 1}
  m_Children: []
  m_Father: {fileID: 238060937}
  m_RootOrder: 3
  m_LocalEulerAnglesHint: {x: 0, y: 0, z: 0}
--- !u!1 &414839442
GameObject:
  m_ObjectHideFlags: 0
  m_CorrespondingSourceObject: {fileID: 0}
  m_PrefabInternal: {fileID: 0}
  serializedVersion: 6
  m_Component:
  - component: {fileID: 414839443}
  m_Layer: 0
  m_Name: LevelDesign
  m_TagString: Environment
  m_Icon: {fileID: 0}
  m_NavMeshLayer: 0
  m_StaticEditorFlags: 0
  m_IsActive: 1
--- !u!4 &414839443
Transform:
  m_ObjectHideFlags: 0
  m_CorrespondingSourceObject: {fileID: 0}
  m_PrefabInternal: {fileID: 0}
  m_GameObject: {fileID: 414839442}
  m_LocalRotation: {x: 0, y: 0, z: 0, w: 1}
  m_LocalPosition: {x: 4.428093, y: -1.7421327, z: -0.06563956}
  m_LocalScale: {x: 1, y: 1, z: 1}
  m_Children:
  - {fileID: 1210002261}
  - {fileID: 918813169}
  - {fileID: 1569976585}
  - {fileID: 173411303}
  - {fileID: 269691734}
  m_Father: {fileID: 0}
  m_RootOrder: 6
  m_LocalEulerAnglesHint: {x: 0, y: 0, z: 0}
--- !u!224 &444302639 stripped
RectTransform:
  m_CorrespondingSourceObject: {fileID: 224975497868854790, guid: f49510dc8a68e404e8d6357dda79e811,
    type: 2}
  m_PrefabInternal: {fileID: 1301062005}
--- !u!114 &484483161 stripped
MonoBehaviour:
  m_CorrespondingSourceObject: {fileID: 114209071648701136, guid: f49510dc8a68e404e8d6357dda79e811,
    type: 2}
  m_PrefabInternal: {fileID: 1301062005}
  m_Script: {fileID: 708705254, guid: f70555f144d8491a825f0804e09c671c, type: 3}
--- !u!1 &534669902
GameObject:
  m_ObjectHideFlags: 0
  m_CorrespondingSourceObject: {fileID: 0}
  m_PrefabInternal: {fileID: 0}
  serializedVersion: 6
  m_Component:
  - component: {fileID: 534669905}
  - component: {fileID: 534669904}
  - component: {fileID: 534669903}
  - component: {fileID: 534669908}
  - component: {fileID: 534669906}
  - component: {fileID: 534669907}
  m_Layer: 0
  m_Name: Player1Cam
  m_TagString: Untagged
  m_Icon: {fileID: 0}
  m_NavMeshLayer: 0
  m_StaticEditorFlags: 0
  m_IsActive: 1
--- !u!81 &534669903
AudioListener:
  m_ObjectHideFlags: 0
  m_CorrespondingSourceObject: {fileID: 0}
  m_PrefabInternal: {fileID: 0}
  m_GameObject: {fileID: 534669902}
  m_Enabled: 1
--- !u!20 &534669904
Camera:
  m_ObjectHideFlags: 0
  m_CorrespondingSourceObject: {fileID: 0}
  m_PrefabInternal: {fileID: 0}
  m_GameObject: {fileID: 534669902}
  m_Enabled: 1
  serializedVersion: 2
  m_ClearFlags: 1
  m_BackGroundColor: {r: 0.19215687, g: 0.3019608, b: 0.4745098, a: 0}
  m_projectionMatrixMode: 1
  m_SensorSize: {x: 36, y: 24}
  m_LensShift: {x: 0, y: 0}
  m_FocalLength: 50
  m_NormalizedViewPortRect:
    serializedVersion: 2
    x: -0.5
    y: 0
    width: 1
    height: 1
  near clip plane: 0.3
  far clip plane: 1000
  field of view: 60
  orthographic: 0
  orthographic size: 5
  m_Depth: -1
  m_CullingMask:
    serializedVersion: 2
    m_Bits: 4294967295
  m_RenderingPath: -1
  m_TargetTexture: {fileID: 0}
  m_TargetDisplay: 0
  m_TargetEye: 3
  m_HDR: 1
  m_AllowMSAA: 1
  m_AllowDynamicResolution: 0
  m_ForceIntoRT: 0
  m_OcclusionCulling: 1
  m_StereoConvergence: 10
  m_StereoSeparation: 0.022
--- !u!4 &534669905
Transform:
  m_ObjectHideFlags: 0
  m_CorrespondingSourceObject: {fileID: 0}
  m_PrefabInternal: {fileID: 0}
  m_GameObject: {fileID: 534669902}
  m_LocalRotation: {x: 0.38268343, y: 0, z: 0, w: 0.92387956}
  m_LocalPosition: {x: -0.03, y: 15.06, z: -12.7}
  m_LocalScale: {x: 1, y: 1, z: 1}
  m_Children: []
  m_Father: {fileID: 0}
  m_RootOrder: 0
  m_LocalEulerAnglesHint: {x: 45, y: 0, z: 0}
--- !u!114 &534669906
MonoBehaviour:
  m_ObjectHideFlags: 0
  m_CorrespondingSourceObject: {fileID: 0}
  m_PrefabInternal: {fileID: 0}
  m_GameObject: {fileID: 534669902}
  m_Enabled: 1
  m_EditorHideFlags: 0
  m_Script: {fileID: 11500000, guid: 6da8a8c208bbfc543b08696532d23ca0, type: 3}
  m_Name: 
  m_EditorClassIdentifier: 
  player: {fileID: 1115526140}
--- !u!114 &534669907
MonoBehaviour:
  m_ObjectHideFlags: 0
  m_CorrespondingSourceObject: {fileID: 0}
  m_PrefabInternal: {fileID: 0}
  m_GameObject: {fileID: 534669902}
  m_Enabled: 1
  m_EditorHideFlags: 0
  m_Script: {fileID: 11500000, guid: 0adfd1b728545024894925d8ee435926, type: 3}
  m_Name: 
  m_EditorClassIdentifier: 
  cam: {fileID: 534669904}
--- !u!114 &534669908
MonoBehaviour:
  m_ObjectHideFlags: 0
  m_CorrespondingSourceObject: {fileID: 0}
  m_PrefabInternal: {fileID: 0}
  m_GameObject: {fileID: 534669902}
  m_Enabled: 1
  m_EditorHideFlags: 0
  m_Script: {fileID: 11500000, guid: 10eac8135cbc3ea43ba3dc644d164b9f, type: 3}
  m_Name: 
  m_EditorClassIdentifier: 
  camTransform: {fileID: 534669905}
  shakeDuration: 0.5
  shakeAmount: 10
  decreaseFactor: 2.83
--- !u!114 &673068704 stripped
MonoBehaviour:
  m_CorrespondingSourceObject: {fileID: 114086014012354070, guid: f49510dc8a68e404e8d6357dda79e811,
    type: 2}
  m_PrefabInternal: {fileID: 1301062005}
  m_Script: {fileID: -113659843, guid: f70555f144d8491a825f0804e09c671c, type: 3}
--- !u!114 &748945973 stripped
MonoBehaviour:
  m_CorrespondingSourceObject: {fileID: 114158616138087538, guid: 7fb0de86a90445b439d187e5021c9e95,
    type: 2}
  m_PrefabInternal: {fileID: 2043979005}
  m_Script: {fileID: 11500000, guid: 5bcd231c6e5fb451d96418861574b84a, type: 3}
--- !u!114 &748945974 stripped
MonoBehaviour:
  m_CorrespondingSourceObject: {fileID: 114200877732115160, guid: 7fb0de86a90445b439d187e5021c9e95,
    type: 2}
  m_PrefabInternal: {fileID: 2043979005}
  m_Script: {fileID: 11500000, guid: a629f78250be5e64baaf14e0ad4ecf81, type: 3}
--- !u!114 &748945977 stripped
MonoBehaviour:
  m_CorrespondingSourceObject: {fileID: 114201138541059796, guid: 7fb0de86a90445b439d187e5021c9e95,
    type: 2}
  m_PrefabInternal: {fileID: 2043979005}
  m_Script: {fileID: 11500000, guid: e6307eb829bda41bcb1aeb70598bfd3f, type: 3}
--- !u!1 &798107765 stripped
GameObject:
  m_CorrespondingSourceObject: {fileID: 1742176305299666, guid: de30e245a8926ed4490a0811c1cad599,
    type: 2}
  m_PrefabInternal: {fileID: 287836362}
--- !u!114 &841805173 stripped
MonoBehaviour:
  m_CorrespondingSourceObject: {fileID: 114907169665763880, guid: f49510dc8a68e404e8d6357dda79e811,
    type: 2}
  m_PrefabInternal: {fileID: 1301062005}
  m_Script: {fileID: -113659843, guid: f70555f144d8491a825f0804e09c671c, type: 3}
--- !u!1 &918813168
GameObject:
  m_ObjectHideFlags: 0
  m_CorrespondingSourceObject: {fileID: 0}
  m_PrefabInternal: {fileID: 0}
  serializedVersion: 6
  m_Component:
  - component: {fileID: 918813169}
  - component: {fileID: 918813172}
  - component: {fileID: 918813171}
  - component: {fileID: 918813170}
  m_Layer: 0
  m_Name: Borders
  m_TagString: Environment
  m_Icon: {fileID: 0}
  m_NavMeshLayer: 0
  m_StaticEditorFlags: 0
  m_IsActive: 1
--- !u!4 &918813169
Transform:
  m_ObjectHideFlags: 0
  m_CorrespondingSourceObject: {fileID: 0}
  m_PrefabInternal: {fileID: 0}
  m_GameObject: {fileID: 918813168}
  m_LocalRotation: {x: 0, y: 0, z: 0, w: 1}
  m_LocalPosition: {x: -4.424, y: 2.2421, z: -25.434}
  m_LocalScale: {x: 49.993576, y: 1, z: 1}
  m_Children: []
  m_Father: {fileID: 414839443}
  m_RootOrder: 1
  m_LocalEulerAnglesHint: {x: 0, y: 0, z: 0}
--- !u!65 &918813170
BoxCollider:
  m_ObjectHideFlags: 0
  m_CorrespondingSourceObject: {fileID: 0}
  m_PrefabInternal: {fileID: 0}
  m_GameObject: {fileID: 918813168}
  m_Material: {fileID: 0}
  m_IsTrigger: 0
  m_Enabled: 1
  serializedVersion: 2
  m_Size: {x: 1, y: 1, z: 1}
  m_Center: {x: 0, y: 0, z: 0}
--- !u!23 &918813171
MeshRenderer:
  m_ObjectHideFlags: 0
  m_CorrespondingSourceObject: {fileID: 0}
  m_PrefabInternal: {fileID: 0}
  m_GameObject: {fileID: 918813168}
  m_Enabled: 1
  m_CastShadows: 1
  m_ReceiveShadows: 1
  m_DynamicOccludee: 1
  m_MotionVectors: 1
  m_LightProbeUsage: 1
  m_ReflectionProbeUsage: 1
  m_RenderingLayerMask: 4294967295
  m_Materials:
  - {fileID: 2100000, guid: 9973072a127d15b4ab9a52a299693a8f, type: 2}
  m_StaticBatchInfo:
    firstSubMesh: 0
    subMeshCount: 0
  m_StaticBatchRoot: {fileID: 0}
  m_ProbeAnchor: {fileID: 0}
  m_LightProbeVolumeOverride: {fileID: 0}
  m_ScaleInLightmap: 1
  m_PreserveUVs: 0
  m_IgnoreNormalsForChartDetection: 0
  m_ImportantGI: 0
  m_StitchLightmapSeams: 0
  m_SelectedEditorRenderState: 3
  m_MinimumChartSize: 4
  m_AutoUVMaxDistance: 0.5
  m_AutoUVMaxAngle: 89
  m_LightmapParameters: {fileID: 0}
  m_SortingLayerID: 0
  m_SortingLayer: 0
  m_SortingOrder: 0
--- !u!33 &918813172
MeshFilter:
  m_ObjectHideFlags: 0
  m_CorrespondingSourceObject: {fileID: 0}
  m_PrefabInternal: {fileID: 0}
  m_GameObject: {fileID: 918813168}
  m_Mesh: {fileID: 10202, guid: 0000000000000000e000000000000000, type: 0}
--- !u!1001 &956348725
Prefab:
  m_ObjectHideFlags: 0
  serializedVersion: 2
  m_Modification:
    m_TransformParent: {fileID: 0}
    m_Modifications:
    - target: {fileID: 4084650640652422, guid: 83df531351e194e42aa475697f323b2a, type: 2}
      propertyPath: m_LocalPosition.x
      value: 0.68000007
      objectReference: {fileID: 0}
    - target: {fileID: 4084650640652422, guid: 83df531351e194e42aa475697f323b2a, type: 2}
      propertyPath: m_LocalPosition.y
      value: 1
      objectReference: {fileID: 0}
    - target: {fileID: 4084650640652422, guid: 83df531351e194e42aa475697f323b2a, type: 2}
      propertyPath: m_LocalPosition.z
      value: 0
      objectReference: {fileID: 0}
    - target: {fileID: 4084650640652422, guid: 83df531351e194e42aa475697f323b2a, type: 2}
      propertyPath: m_LocalRotation.x
      value: 0
      objectReference: {fileID: 0}
    - target: {fileID: 4084650640652422, guid: 83df531351e194e42aa475697f323b2a, type: 2}
      propertyPath: m_LocalRotation.y
      value: 0
      objectReference: {fileID: 0}
    - target: {fileID: 4084650640652422, guid: 83df531351e194e42aa475697f323b2a, type: 2}
      propertyPath: m_LocalRotation.z
      value: 0
      objectReference: {fileID: 0}
    - target: {fileID: 4084650640652422, guid: 83df531351e194e42aa475697f323b2a, type: 2}
      propertyPath: m_LocalRotation.w
      value: 1
      objectReference: {fileID: 0}
    - target: {fileID: 4084650640652422, guid: 83df531351e194e42aa475697f323b2a, type: 2}
      propertyPath: m_RootOrder
      value: 3
      objectReference: {fileID: 0}
    - target: {fileID: 114164346318403392, guid: 83df531351e194e42aa475697f323b2a,
        type: 2}
      propertyPath: scoreText
      value: 
      objectReference: {fileID: 2130577325}
    - target: {fileID: 114164346318403392, guid: 83df531351e194e42aa475697f323b2a,
        type: 2}
      propertyPath: bulletsText
      value: 
      objectReference: {fileID: 484483161}
    - target: {fileID: 114164346318403392, guid: 83df531351e194e42aa475697f323b2a,
        type: 2}
      propertyPath: healthSlider
      value: 
      objectReference: {fileID: 979165327}
    - target: {fileID: 114164346318403392, guid: 83df531351e194e42aa475697f323b2a,
        type: 2}
      propertyPath: staminaSlider
      value: 
      objectReference: {fileID: 94563120}
    - target: {fileID: 114835748678306420, guid: 83df531351e194e42aa475697f323b2a,
        type: 2}
      propertyPath: bullet
      value: 
      objectReference: {fileID: 54212271167255496, guid: 26f8c7d30f658c74fbbca6369860453f,
        type: 2}
    - target: {fileID: 54757395391541206, guid: 83df531351e194e42aa475697f323b2a,
        type: 2}
      propertyPath: m_Constraints
      value: 116
      objectReference: {fileID: 0}
    - target: {fileID: 114835748678306420, guid: 83df531351e194e42aa475697f323b2a,
        type: 2}
      propertyPath: camShake
      value: 
      objectReference: {fileID: 534669908}
    m_RemovedComponents: []
  m_SourcePrefab: {fileID: 100100000, guid: 83df531351e194e42aa475697f323b2a, type: 2}
  m_IsPrefabAsset: 0
--- !u!114 &979165327 stripped
MonoBehaviour:
  m_CorrespondingSourceObject: {fileID: 114819424801875672, guid: f49510dc8a68e404e8d6357dda79e811,
    type: 2}
  m_PrefabInternal: {fileID: 1301062005}
  m_Script: {fileID: -113659843, guid: f70555f144d8491a825f0804e09c671c, type: 3}
--- !u!1 &980140346
GameObject:
  m_ObjectHideFlags: 0
  m_CorrespondingSourceObject: {fileID: 0}
  m_PrefabInternal: {fileID: 0}
  serializedVersion: 6
  m_Component:
  - component: {fileID: 980140347}
  m_Layer: 0
  m_Name: Spawn3
  m_TagString: Untagged
  m_Icon: {fileID: 0}
  m_NavMeshLayer: 0
  m_StaticEditorFlags: 0
  m_IsActive: 1
--- !u!4 &980140347
Transform:
  m_ObjectHideFlags: 0
  m_CorrespondingSourceObject: {fileID: 0}
  m_PrefabInternal: {fileID: 0}
  m_GameObject: {fileID: 980140346}
  m_LocalRotation: {x: -0, y: -0, z: -0, w: 1}
  m_LocalPosition: {x: -19.8, y: 0.04, z: -21.4}
  m_LocalScale: {x: 1, y: 1, z: 1}
  m_Children: []
  m_Father: {fileID: 238060937}
  m_RootOrder: 2
  m_LocalEulerAnglesHint: {x: 0, y: 0, z: 0}
--- !u!1 &1115526140 stripped
GameObject:
  m_CorrespondingSourceObject: {fileID: 1463953525711112, guid: 83df531351e194e42aa475697f323b2a,
    type: 2}
  m_PrefabInternal: {fileID: 956348725}
--- !u!1 &1210002260
GameObject:
  m_ObjectHideFlags: 0
  m_CorrespondingSourceObject: {fileID: 0}
  m_PrefabInternal: {fileID: 0}
  serializedVersion: 6
  m_Component:
  - component: {fileID: 1210002261}
  - component: {fileID: 1210002264}
  - component: {fileID: 1210002263}
  - component: {fileID: 1210002262}
  m_Layer: 0
  m_Name: Ground
  m_TagString: ground
  m_Icon: {fileID: 0}
  m_NavMeshLayer: 0
  m_StaticEditorFlags: 0
  m_IsActive: 1
--- !u!4 &1210002261
Transform:
  m_ObjectHideFlags: 0
  m_CorrespondingSourceObject: {fileID: 0}
  m_PrefabInternal: {fileID: 0}
  m_GameObject: {fileID: 1210002260}
  m_LocalRotation: {x: -0, y: -0, z: -0, w: 1}
  m_LocalPosition: {x: -4.428093, y: 1.7421327, z: 0.06563956}
  m_LocalScale: {x: 5, y: 1, z: 5}
  m_Children: []
  m_Father: {fileID: 414839443}
  m_RootOrder: 0
  m_LocalEulerAnglesHint: {x: 0, y: 0, z: 0}
--- !u!64 &1210002262
MeshCollider:
  m_ObjectHideFlags: 0
  m_CorrespondingSourceObject: {fileID: 0}
  m_PrefabInternal: {fileID: 0}
  m_GameObject: {fileID: 1210002260}
  m_Material: {fileID: 0}
  m_IsTrigger: 0
  m_Enabled: 1
  serializedVersion: 3
  m_Convex: 0
  m_CookingOptions: 14
  m_SkinWidth: 0.01
  m_Mesh: {fileID: 10209, guid: 0000000000000000e000000000000000, type: 0}
--- !u!23 &1210002263
MeshRenderer:
  m_ObjectHideFlags: 0
  m_CorrespondingSourceObject: {fileID: 0}
  m_PrefabInternal: {fileID: 0}
  m_GameObject: {fileID: 1210002260}
  m_Enabled: 1
  m_CastShadows: 1
  m_ReceiveShadows: 1
  m_DynamicOccludee: 1
  m_MotionVectors: 1
  m_LightProbeUsage: 1
  m_ReflectionProbeUsage: 1
  m_RenderingLayerMask: 4294967295
  m_Materials:
  - {fileID: 2100000, guid: 9973072a127d15b4ab9a52a299693a8f, type: 2}
  m_StaticBatchInfo:
    firstSubMesh: 0
    subMeshCount: 0
  m_StaticBatchRoot: {fileID: 0}
  m_ProbeAnchor: {fileID: 0}
  m_LightProbeVolumeOverride: {fileID: 0}
  m_ScaleInLightmap: 1
  m_PreserveUVs: 0
  m_IgnoreNormalsForChartDetection: 0
  m_ImportantGI: 0
  m_StitchLightmapSeams: 0
  m_SelectedEditorRenderState: 3
  m_MinimumChartSize: 4
  m_AutoUVMaxDistance: 0.5
  m_AutoUVMaxAngle: 89
  m_LightmapParameters: {fileID: 0}
  m_SortingLayerID: 0
  m_SortingLayer: 0
  m_SortingOrder: 0
--- !u!33 &1210002264
MeshFilter:
  m_ObjectHideFlags: 0
  m_CorrespondingSourceObject: {fileID: 0}
  m_PrefabInternal: {fileID: 0}
  m_GameObject: {fileID: 1210002260}
  m_Mesh: {fileID: 10209, guid: 0000000000000000e000000000000000, type: 0}
--- !u!1001 &1301062005
Prefab:
  m_ObjectHideFlags: 0
  serializedVersion: 2
  m_Modification:
    m_TransformParent: {fileID: 0}
    m_Modifications:
    - target: {fileID: 224975497868854790, guid: f49510dc8a68e404e8d6357dda79e811,
        type: 2}
      propertyPath: m_LocalPosition.x
      value: 0
      objectReference: {fileID: 0}
    - target: {fileID: 224975497868854790, guid: f49510dc8a68e404e8d6357dda79e811,
        type: 2}
      propertyPath: m_LocalPosition.y
      value: 0
      objectReference: {fileID: 0}
    - target: {fileID: 224975497868854790, guid: f49510dc8a68e404e8d6357dda79e811,
        type: 2}
      propertyPath: m_LocalPosition.z
      value: 0
      objectReference: {fileID: 0}
    - target: {fileID: 224975497868854790, guid: f49510dc8a68e404e8d6357dda79e811,
        type: 2}
      propertyPath: m_LocalRotation.x
      value: 0
      objectReference: {fileID: 0}
    - target: {fileID: 224975497868854790, guid: f49510dc8a68e404e8d6357dda79e811,
        type: 2}
      propertyPath: m_LocalRotation.y
      value: 0
      objectReference: {fileID: 0}
    - target: {fileID: 224975497868854790, guid: f49510dc8a68e404e8d6357dda79e811,
        type: 2}
      propertyPath: m_LocalRotation.z
      value: 0
      objectReference: {fileID: 0}
    - target: {fileID: 224975497868854790, guid: f49510dc8a68e404e8d6357dda79e811,
        type: 2}
      propertyPath: m_LocalRotation.w
      value: 1
      objectReference: {fileID: 0}
    - target: {fileID: 224975497868854790, guid: f49510dc8a68e404e8d6357dda79e811,
        type: 2}
      propertyPath: m_RootOrder
      value: 7
      objectReference: {fileID: 0}
    - target: {fileID: 224975497868854790, guid: f49510dc8a68e404e8d6357dda79e811,
        type: 2}
      propertyPath: m_AnchoredPosition.x
      value: 0
      objectReference: {fileID: 0}
    - target: {fileID: 224975497868854790, guid: f49510dc8a68e404e8d6357dda79e811,
        type: 2}
      propertyPath: m_AnchoredPosition.y
      value: 0
      objectReference: {fileID: 0}
    - target: {fileID: 224975497868854790, guid: f49510dc8a68e404e8d6357dda79e811,
        type: 2}
      propertyPath: m_SizeDelta.x
      value: 0
      objectReference: {fileID: 0}
    - target: {fileID: 224975497868854790, guid: f49510dc8a68e404e8d6357dda79e811,
        type: 2}
      propertyPath: m_SizeDelta.y
      value: 0
      objectReference: {fileID: 0}
    - target: {fileID: 224975497868854790, guid: f49510dc8a68e404e8d6357dda79e811,
        type: 2}
      propertyPath: m_AnchorMin.x
      value: 0
      objectReference: {fileID: 0}
    - target: {fileID: 224975497868854790, guid: f49510dc8a68e404e8d6357dda79e811,
        type: 2}
      propertyPath: m_AnchorMin.y
      value: 0
      objectReference: {fileID: 0}
    - target: {fileID: 224975497868854790, guid: f49510dc8a68e404e8d6357dda79e811,
        type: 2}
      propertyPath: m_AnchorMax.x
      value: 0
      objectReference: {fileID: 0}
    - target: {fileID: 224975497868854790, guid: f49510dc8a68e404e8d6357dda79e811,
        type: 2}
      propertyPath: m_AnchorMax.y
      value: 0
      objectReference: {fileID: 0}
    - target: {fileID: 224975497868854790, guid: f49510dc8a68e404e8d6357dda79e811,
        type: 2}
      propertyPath: m_Pivot.x
      value: 0
      objectReference: {fileID: 0}
    - target: {fileID: 224975497868854790, guid: f49510dc8a68e404e8d6357dda79e811,
        type: 2}
      propertyPath: m_Pivot.y
      value: 0
      objectReference: {fileID: 0}
    - target: {fileID: 224806742206417302, guid: f49510dc8a68e404e8d6357dda79e811,
        type: 2}
      propertyPath: m_AnchorMax.x
      value: 0
      objectReference: {fileID: 0}
    - target: {fileID: 224806742206417302, guid: f49510dc8a68e404e8d6357dda79e811,
        type: 2}
      propertyPath: m_AnchorMax.y
      value: 0
      objectReference: {fileID: 0}
    - target: {fileID: 224885061426856972, guid: f49510dc8a68e404e8d6357dda79e811,
        type: 2}
      propertyPath: m_AnchorMax.x
      value: 0
      objectReference: {fileID: 0}
    - target: {fileID: 224885061426856972, guid: f49510dc8a68e404e8d6357dda79e811,
        type: 2}
      propertyPath: m_AnchorMax.y
      value: 0
      objectReference: {fileID: 0}
    - target: {fileID: 224641208671956128, guid: f49510dc8a68e404e8d6357dda79e811,
        type: 2}
      propertyPath: m_AnchorMax.x
      value: 0
      objectReference: {fileID: 0}
    - target: {fileID: 224641208671956128, guid: f49510dc8a68e404e8d6357dda79e811,
        type: 2}
      propertyPath: m_AnchorMax.y
      value: 0
      objectReference: {fileID: 0}
    - target: {fileID: 224492433104428868, guid: f49510dc8a68e404e8d6357dda79e811,
        type: 2}
      propertyPath: m_AnchorMax.x
      value: 0
      objectReference: {fileID: 0}
    - target: {fileID: 224492433104428868, guid: f49510dc8a68e404e8d6357dda79e811,
        type: 2}
      propertyPath: m_AnchorMax.y
      value: 0
      objectReference: {fileID: 0}
    - target: {fileID: 1420388329693676, guid: f49510dc8a68e404e8d6357dda79e811, type: 2}
      propertyPath: m_IsActive
      value: 1
      objectReference: {fileID: 0}
    m_RemovedComponents: []
  m_SourcePrefab: {fileID: 100100000, guid: f49510dc8a68e404e8d6357dda79e811, type: 2}
  m_IsPrefabAsset: 0
--- !u!1 &1509027323
GameObject:
  m_ObjectHideFlags: 0
  m_CorrespondingSourceObject: {fileID: 0}
  m_PrefabInternal: {fileID: 0}
  serializedVersion: 6
  m_Component:
  - component: {fileID: 1509027324}
  - component: {fileID: 1509027326}
  - component: {fileID: 1509027325}
  m_Layer: 5
  m_Name: WaveText
  m_TagString: Untagged
  m_Icon: {fileID: 0}
  m_NavMeshLayer: 0
  m_StaticEditorFlags: 0
  m_IsActive: 0
--- !u!224 &1509027324
RectTransform:
  m_ObjectHideFlags: 0
  m_CorrespondingSourceObject: {fileID: 0}
  m_PrefabInternal: {fileID: 0}
  m_GameObject: {fileID: 1509027323}
  m_LocalRotation: {x: 0, y: 0, z: 0, w: 1}
  m_LocalPosition: {x: 0, y: 0, z: 0}
  m_LocalScale: {x: 1, y: 1, z: 1}
  m_Children: []
  m_Father: {fileID: 444302639}
  m_RootOrder: 4
  m_LocalEulerAnglesHint: {x: 0, y: 0, z: 0}
  m_AnchorMin: {x: 0.5, y: 0.5}
  m_AnchorMax: {x: 0.5, y: 0.5}
  m_AnchoredPosition: {x: 33.1, y: -10}
  m_SizeDelta: {x: 226.1, y: 50}
  m_Pivot: {x: 0.5, y: 0.5}
--- !u!114 &1509027325
MonoBehaviour:
  m_ObjectHideFlags: 0
  m_CorrespondingSourceObject: {fileID: 0}
  m_PrefabInternal: {fileID: 0}
  m_GameObject: {fileID: 1509027323}
  m_Enabled: 1
  m_EditorHideFlags: 0
  m_Script: {fileID: 708705254, guid: f70555f144d8491a825f0804e09c671c, type: 3}
  m_Name: 
  m_EditorClassIdentifier: 
  m_Material: {fileID: 0}
  m_Color: {r: 1, g: 0.9764151, b: 0.9764151, a: 1}
  m_RaycastTarget: 1
  m_OnCullStateChanged:
    m_PersistentCalls:
      m_Calls: []
    m_TypeName: UnityEngine.UI.MaskableGraphic+CullStateChangedEvent, UnityEngine.UI,
      Version=1.0.0.0, Culture=neutral, PublicKeyToken=null
  m_FontData:
    m_Font: {fileID: 10102, guid: 0000000000000000e000000000000000, type: 0}
    m_FontSize: 40
    m_FontStyle: 0
    m_BestFit: 0
    m_MinSize: 4
    m_MaxSize: 40
    m_Alignment: 1
    m_AlignByGeometry: 0
    m_RichText: 1
    m_HorizontalOverflow: 0
    m_VerticalOverflow: 0
    m_LineSpacing: 1
  m_Text: Wave
--- !u!222 &1509027326
CanvasRenderer:
  m_ObjectHideFlags: 0
  m_CorrespondingSourceObject: {fileID: 0}
  m_PrefabInternal: {fileID: 0}
  m_GameObject: {fileID: 1509027323}
  m_CullTransparentMesh: 0
--- !u!114 &1547253851 stripped
MonoBehaviour:
  m_CorrespondingSourceObject: {fileID: 114211036296205800, guid: f49510dc8a68e404e8d6357dda79e811,
    type: 2}
  m_PrefabInternal: {fileID: 1301062005}
  m_Script: {fileID: 708705254, guid: f70555f144d8491a825f0804e09c671c, type: 3}
--- !u!1 &1569976584
GameObject:
  m_ObjectHideFlags: 0
  m_CorrespondingSourceObject: {fileID: 0}
  m_PrefabInternal: {fileID: 0}
  serializedVersion: 6
  m_Component:
  - component: {fileID: 1569976585}
  - component: {fileID: 1569976588}
  - component: {fileID: 1569976587}
  - component: {fileID: 1569976586}
  m_Layer: 0
  m_Name: Borders (1)
  m_TagString: Environment
  m_Icon: {fileID: 0}
  m_NavMeshLayer: 0
  m_StaticEditorFlags: 0
  m_IsActive: 1
--- !u!4 &1569976585
Transform:
  m_ObjectHideFlags: 0
  m_CorrespondingSourceObject: {fileID: 0}
  m_PrefabInternal: {fileID: 0}
  m_GameObject: {fileID: 1569976584}
  m_LocalRotation: {x: 0, y: 0.7071068, z: 0, w: 0.7071068}
  m_LocalPosition: {x: -28.928, y: 2.2421, z: 0.068846}
  m_LocalScale: {x: 49.99358, y: 1, z: 1}
  m_Children: []
  m_Father: {fileID: 414839443}
  m_RootOrder: 2
  m_LocalEulerAnglesHint: {x: 0, y: 90, z: 0}
--- !u!65 &1569976586
BoxCollider:
  m_ObjectHideFlags: 0
  m_CorrespondingSourceObject: {fileID: 0}
  m_PrefabInternal: {fileID: 0}
  m_GameObject: {fileID: 1569976584}
  m_Material: {fileID: 0}
  m_IsTrigger: 0
  m_Enabled: 1
  serializedVersion: 2
  m_Size: {x: 1, y: 1, z: 1}
  m_Center: {x: 0, y: 0, z: 0}
--- !u!23 &1569976587
MeshRenderer:
  m_ObjectHideFlags: 0
  m_CorrespondingSourceObject: {fileID: 0}
  m_PrefabInternal: {fileID: 0}
  m_GameObject: {fileID: 1569976584}
  m_Enabled: 1
  m_CastShadows: 1
  m_ReceiveShadows: 1
  m_DynamicOccludee: 1
  m_MotionVectors: 1
  m_LightProbeUsage: 1
  m_ReflectionProbeUsage: 1
  m_RenderingLayerMask: 4294967295
  m_Materials:
  - {fileID: 2100000, guid: 9973072a127d15b4ab9a52a299693a8f, type: 2}
  m_StaticBatchInfo:
    firstSubMesh: 0
    subMeshCount: 0
  m_StaticBatchRoot: {fileID: 0}
  m_ProbeAnchor: {fileID: 0}
  m_LightProbeVolumeOverride: {fileID: 0}
  m_ScaleInLightmap: 1
  m_PreserveUVs: 0
  m_IgnoreNormalsForChartDetection: 0
  m_ImportantGI: 0
  m_StitchLightmapSeams: 0
  m_SelectedEditorRenderState: 3
  m_MinimumChartSize: 4
  m_AutoUVMaxDistance: 0.5
  m_AutoUVMaxAngle: 89
  m_LightmapParameters: {fileID: 0}
  m_SortingLayerID: 0
  m_SortingLayer: 0
  m_SortingOrder: 0
--- !u!33 &1569976588
MeshFilter:
  m_ObjectHideFlags: 0
  m_CorrespondingSourceObject: {fileID: 0}
  m_PrefabInternal: {fileID: 0}
  m_GameObject: {fileID: 1569976584}
  m_Mesh: {fileID: 10202, guid: 0000000000000000e000000000000000, type: 0}
--- !u!1 &1581653472
GameObject:
  m_ObjectHideFlags: 0
  m_CorrespondingSourceObject: {fileID: 0}
  m_PrefabInternal: {fileID: 0}
  serializedVersion: 6
  m_Component:
  - component: {fileID: 1581653473}
  m_Layer: 0
  m_Name: Spawn2
  m_TagString: Untagged
  m_Icon: {fileID: 0}
  m_NavMeshLayer: 0
  m_StaticEditorFlags: 0
  m_IsActive: 1
--- !u!4 &1581653473
Transform:
  m_ObjectHideFlags: 0
  m_CorrespondingSourceObject: {fileID: 0}
  m_PrefabInternal: {fileID: 0}
  m_GameObject: {fileID: 1581653472}
  m_LocalRotation: {x: -0, y: -0, z: -0, w: 1}
  m_LocalPosition: {x: 19.9, y: 0.61, z: -21.6}
  m_LocalScale: {x: 1, y: 1, z: 1}
  m_Children: []
  m_Father: {fileID: 238060937}
  m_RootOrder: 1
  m_LocalEulerAnglesHint: {x: 0, y: 0, z: 0}
--- !u!114 &1613332325 stripped
MonoBehaviour:
  m_CorrespondingSourceObject: {fileID: 114328132364268818, guid: f49510dc8a68e404e8d6357dda79e811,
    type: 2}
  m_PrefabInternal: {fileID: 1301062005}
  m_Script: {fileID: 708705254, guid: f70555f144d8491a825f0804e09c671c, type: 3}
--- !u!1 &1744061018 stripped
GameObject:
  m_CorrespondingSourceObject: {fileID: 1093026488096560, guid: f49510dc8a68e404e8d6357dda79e811,
    type: 2}
  m_PrefabInternal: {fileID: 1301062005}
--- !u!1 &1805692973
GameObject:
  m_ObjectHideFlags: 0
  m_CorrespondingSourceObject: {fileID: 0}
  m_PrefabInternal: {fileID: 0}
  serializedVersion: 6
  m_Component:
  - component: {fileID: 1805692976}
  - component: {fileID: 1805692975}
  - component: {fileID: 1805692974}
  m_Layer: 0
  m_Name: EventSystem
  m_TagString: Untagged
  m_Icon: {fileID: 0}
  m_NavMeshLayer: 0
  m_StaticEditorFlags: 0
  m_IsActive: 1
--- !u!114 &1805692974
MonoBehaviour:
  m_ObjectHideFlags: 0
  m_CorrespondingSourceObject: {fileID: 0}
  m_PrefabInternal: {fileID: 0}
  m_GameObject: {fileID: 1805692973}
  m_Enabled: 1
  m_EditorHideFlags: 0
  m_Script: {fileID: 1077351063, guid: f70555f144d8491a825f0804e09c671c, type: 3}
  m_Name: 
  m_EditorClassIdentifier: 
  m_HorizontalAxis: Horizontal
  m_VerticalAxis: Vertical
  m_SubmitButton: Submit
  m_CancelButton: Cancel
  m_InputActionsPerSecond: 10
  m_RepeatDelay: 0.5
  m_ForceModuleActive: 0
--- !u!114 &1805692975
MonoBehaviour:
  m_ObjectHideFlags: 0
  m_CorrespondingSourceObject: {fileID: 0}
  m_PrefabInternal: {fileID: 0}
  m_GameObject: {fileID: 1805692973}
  m_Enabled: 1
  m_EditorHideFlags: 0
  m_Script: {fileID: -619905303, guid: f70555f144d8491a825f0804e09c671c, type: 3}
  m_Name: 
  m_EditorClassIdentifier: 
  m_FirstSelected: {fileID: 0}
  m_sendNavigationEvents: 1
  m_DragThreshold: 10
--- !u!4 &1805692976
Transform:
  m_ObjectHideFlags: 0
  m_CorrespondingSourceObject: {fileID: 0}
  m_PrefabInternal: {fileID: 0}
  m_GameObject: {fileID: 1805692973}
  m_LocalRotation: {x: 0, y: 0, z: 0, w: 1}
  m_LocalPosition: {x: 0, y: 0, z: 0}
  m_LocalScale: {x: 1, y: 1, z: 1}
  m_Children: []
  m_Father: {fileID: 0}
  m_RootOrder: 8
  m_LocalEulerAnglesHint: {x: 0, y: 0, z: 0}
--- !u!1001 &2043979005
Prefab:
  m_ObjectHideFlags: 0
  serializedVersion: 2
  m_Modification:
    m_TransformParent: {fileID: 0}
    m_Modifications:
    - target: {fileID: 114201138541059796, guid: 7fb0de86a90445b439d187e5021c9e95,
        type: 2}
      propertyPath: _spawnLocationsTransform.Array.size
      value: 4
      objectReference: {fileID: 0}
    - target: {fileID: 4516368388114988, guid: 7fb0de86a90445b439d187e5021c9e95, type: 2}
      propertyPath: m_LocalPosition.x
      value: -0.97303474
      objectReference: {fileID: 0}
    - target: {fileID: 4516368388114988, guid: 7fb0de86a90445b439d187e5021c9e95, type: 2}
      propertyPath: m_LocalPosition.y
      value: -3.5853229
      objectReference: {fileID: 0}
    - target: {fileID: 4516368388114988, guid: 7fb0de86a90445b439d187e5021c9e95, type: 2}
      propertyPath: m_LocalPosition.z
      value: -0.30821586
      objectReference: {fileID: 0}
    - target: {fileID: 4516368388114988, guid: 7fb0de86a90445b439d187e5021c9e95, type: 2}
      propertyPath: m_LocalRotation.x
      value: 0
      objectReference: {fileID: 0}
    - target: {fileID: 4516368388114988, guid: 7fb0de86a90445b439d187e5021c9e95, type: 2}
      propertyPath: m_LocalRotation.y
      value: 0
      objectReference: {fileID: 0}
    - target: {fileID: 4516368388114988, guid: 7fb0de86a90445b439d187e5021c9e95, type: 2}
      propertyPath: m_LocalRotation.z
      value: 0
      objectReference: {fileID: 0}
    - target: {fileID: 4516368388114988, guid: 7fb0de86a90445b439d187e5021c9e95, type: 2}
      propertyPath: m_LocalRotation.w
      value: 1
      objectReference: {fileID: 0}
    - target: {fileID: 4516368388114988, guid: 7fb0de86a90445b439d187e5021c9e95, type: 2}
      propertyPath: m_RootOrder
      value: 5
      objectReference: {fileID: 0}
    - target: {fileID: 114033385733852830, guid: 7fb0de86a90445b439d187e5021c9e95,
        type: 2}
      propertyPath: scoreText
      value: 
      objectReference: {fileID: 2130577325}
    - target: {fileID: 114033385733852830, guid: 7fb0de86a90445b439d187e5021c9e95,
        type: 2}
      propertyPath: bulletsText
      value: 
      objectReference: {fileID: 484483161}
    - target: {fileID: 114033385733852830, guid: 7fb0de86a90445b439d187e5021c9e95,
        type: 2}
      propertyPath: scoreboard
      value: 
      objectReference: {fileID: 1744061018}
    - target: {fileID: 114200877732115160, guid: 7fb0de86a90445b439d187e5021c9e95,
        type: 2}
      propertyPath: m_Enabled
      value: 1
      objectReference: {fileID: 0}
    - target: {fileID: 114200877732115160, guid: 7fb0de86a90445b439d187e5021c9e95,
        type: 2}
      propertyPath: enemyPrefab
      value: 
      objectReference: {fileID: 1398303650184064, guid: 63ea63fdf70beb347a9ac14996cdd7b9,
        type: 2}
    - target: {fileID: 114158616138087538, guid: 7fb0de86a90445b439d187e5021c9e95,
        type: 2}
      propertyPath: _enemyManager
      value: 
      objectReference: {fileID: 748945977}
    - target: {fileID: 114201138541059796, guid: 7fb0de86a90445b439d187e5021c9e95,
        type: 2}
      propertyPath: _waveManager
      value: 
      objectReference: {fileID: 748945973}
    - target: {fileID: 114201138541059796, guid: 7fb0de86a90445b439d187e5021c9e95,
        type: 2}
      propertyPath: _enemySpawner
      value: 
      objectReference: {fileID: 748945974}
    - target: {fileID: 114201138541059796, guid: 7fb0de86a90445b439d187e5021c9e95,
        type: 2}
      propertyPath: _timeBetweenSpawns
      value: 4
      objectReference: {fileID: 0}
    - target: {fileID: 114158616138087538, guid: 7fb0de86a90445b439d187e5021c9e95,
        type: 2}
      propertyPath: _waveText
      value: 
      objectReference: {fileID: 1509027325}
    - target: {fileID: 114201138541059796, guid: 7fb0de86a90445b439d187e5021c9e95,
        type: 2}
      propertyPath: _spawnLocationsTransform.Array.data[0]
      value: 
      objectReference: {fileID: 239535891}
    - target: {fileID: 114201138541059796, guid: 7fb0de86a90445b439d187e5021c9e95,
        type: 2}
      propertyPath: _spawnLocationsTransform.Array.data[1]
      value: 
      objectReference: {fileID: 1581653473}
    - target: {fileID: 114201138541059796, guid: 7fb0de86a90445b439d187e5021c9e95,
        type: 2}
      propertyPath: _spawnLocationsTransform.Array.data[2]
      value: 
      objectReference: {fileID: 980140347}
    - target: {fileID: 114201138541059796, guid: 7fb0de86a90445b439d187e5021c9e95,
        type: 2}
      propertyPath: _spawnLocationsTransform.Array.data[3]
      value: 
      objectReference: {fileID: 386763773}
    - target: {fileID: 114201138541059796, guid: 7fb0de86a90445b439d187e5021c9e95,
        type: 2}
      propertyPath: _maxEnemiesSpawnedAtOnce
      value: 5
      objectReference: {fileID: 0}
    m_RemovedComponents: []
  m_SourcePrefab: {fileID: 100100000, guid: 7fb0de86a90445b439d187e5021c9e95, type: 2}
  m_IsPrefabAsset: 0
--- !u!114 &2130577325 stripped
MonoBehaviour:
  m_CorrespondingSourceObject: {fileID: 114280326022145626, guid: f49510dc8a68e404e8d6357dda79e811,
    type: 2}
  m_PrefabInternal: {fileID: 1301062005}
  m_Script: {fileID: 708705254, guid: f70555f144d8491a825f0804e09c671c, type: 3}
